@article{DhulSB2022,
  title={Nutrient profile and effect of processing methods on the composition and functional properties of lentils (\textit{Lens culinaris} Medik): A review},
  author={Dhull, S.B. and Kinabo, J. and Uebersax, M.A.},
  journal={Legume Science},
  pages={e156},
  year={2022}
}

@article{SantosCS2020,
  title={The effect of sprouting in lentil (\textit{Lens culinaris}) nutritional and microbiological profile},
  author={Santos, C.S. and Silva, B. and Valente, L.M.P. and Gruber, S. and Vasconcelos, M.W.},
  journal={Foods},
  volume={9},
  number={4},
  pages={400},
  year={2020}
}

@article{FouadAA2015,
  title={Effect of germination time on proximate analysis, bioactive compounds and antioxidant activity of lentil (\textit{Lens culinaris} Medik.) sprouts},
  author={Fouad, A.A. and Rehab, F.M.},
  journal={Acta Scientiarum Polonorum Technologia Alimentaria},
  volume={14},
  pages={233-246},
  year={2015}
}

@Article{VerhulstPF1838,
   Author="Verhulst, P.-F.",
   Title="Notice sur la loi que la population suit dans son accroissement",
   Journal="Correspondance mathématique et physique",
   Year="1838",
   Volume="10",
   Pages="113-121",
}

@Article{VerhulstPF1845,
   Author="Verhulst, P.-F.",
   Title="Recherches mathématiques sur la loi d'accroissement de la population",
   Journal="Nouveaux mémoires de l'académie royale des sciences, des lettres et des beaux-arts de Belgique",
   Year="1845",
   Volume="18",
   Pages="1-38",
   Note="Lu à la séance du 30 novembre 1844"
}

@Article{VerhulstPF1846,
   Author="Verhulst, P.-F.",
   Title="Note sur la loi d'accroissement de la population",
   Journal="Bulletins de l'Académie Royale des Sciences et Belles-Lettres de Bruxelles",
   Year="1846",
   Volume="13",
   Pages="",
}

@Article{VerhulstPF1847,
   Author="Verhulst, P.-F.",
   Title="Deuxième mémoire sur la loi d'accroissement de la population",
   Journal="Mémoires de l'académie royale des sciences, des lettres et des beaux-arts de Belgique",
   Year="1847",
   Volume="20",
   Pages="1-32",
   Note="Lu à la séance de l'Académie royale du 15 mai 1846"
}

@Manual{tinytex2,
    title = {tinytex: Helper Functions to Install and Maintain TeX Live, and Compile
LaTeX Documents},
    author = {Yihui Xie},
    year = {2020},
    note = {R package version 0.27},
    url = {https://github.com/yihui/tinytex},
  }


@Article{tinytex1,
    title = {TinyTeX: A lightweight, cross-platform, and easy-to-maintain LaTeX distribution based on TeX Live},
    author = {Yihui Xie},
    journal = {TUGboat},
    year = {2019},
    volumne = {40},
    number = {1},
    pages = {30--32},
    url = {http://tug.org/TUGboat/Contents/contents40-1.html},
  }
  
@Manual{R,
    title = {R: A Language and Environment for Statistical Computing},
    author = {{R Core Team}},
    organization = {R Foundation for Statistical Computing},
    address = {Vienna, Austria},
    year = {2021},
    url = {https://www.R-project.org/},
}

@Manual{rmd3,
    title = {rmarkdown: Dynamic Documents for R},
    author = {JJ Allaire and Yihui Xie and Jonathan McPherson and Javier Luraschi and Kevin Ushey and Aron Atkins and Hadley Wickham and Joe Cheng and Winston Chang and Richard Iannone},
    year = {2020},
    note = {R package version 2.5},
    url = {https://github.com/rstudio/rmarkdown},
  }

@Book{rmd1,
    title = {R Markdown: The Definitive Guide},
    author = {Yihui Xie and J.J. Allaire and Garrett Grolemund},
    publisher = {Chapman and Hall/CRC},
    address = {Boca Raton, Florida},
    year = {2018},
    note = {ISBN 9781138359338},
    url = {https://bookdown.org/yihui/rmarkdown},
  }


@Book{rmd2,
    title = {R Markdown Cookbook},
    author = {Yihui Xie and Christophe Dervieux and Emily Riederer},
    publisher = {Chapman and Hall/CRC},
    address = {Boca Raton, Florida},
    year = {2020},
    note = {ISBN 9780367563837},
    url = {https://bookdown.org/yihui/rmarkdown-cookbook},
  }

@Manual{knitr3,
    title = {knitr: A General-Purpose Package for Dynamic Report Generation in R},
    author = {Yihui Xie},
    year = {2020},
    note = {R package version 1.30},
    url = {https://yihui.org/knitr/},
  }

@Book{knitr1,
    title = {Dynamic Documents with {R} and knitr},
    author = {Yihui Xie},
    publisher = {Chapman and Hall/CRC},
    address = {Boca Raton, Florida},
    year = {2015},
    edition = {2nd},
    note = {ISBN 978-1498716963},
    url = {https://yihui.org/knitr/},
  }

@InCollection{knitr2,
    booktitle = {Implementing Reproducible Computational Research},
    editor = {Victoria Stodden and Friedrich Leisch and Roger D. Peng},
    title = {knitr: A Comprehensive Tool for Reproducible Research in {R}},
    author = {Yihui Xie},
    publisher = {Chapman and Hall/CRC},
    year = {2014},
    note = {ISBN 978-1466561595},
    url = {http://www.crcpress.com/product/isbn/9781466561595},
  }
